<?xml version="1.0" encoding="UTF-8"?><collection xmlns="http://www.loc.gov/MARC21/slim"><record><leader>00569nam--2200169-i-4500</leader><controlfield tag="001">000019124</controlfield><controlfield tag="002">20161230</controlfield><controlfield tag="005">20161230201033</controlfield><controlfield tag="008">060222s1000------------r-----000-0-eng-d</controlfield><datafield ind1=" " ind2=" " tag="040"><subfield code="a">IFIN-HH</subfield></datafield><datafield ind1=" " ind2=" " tag="080"><subfield code="a">539.12.04:539.2:537.226.33</subfield></datafield><datafield ind1="1" ind2=" " tag="100"><subfield code="a">Duvarney, Jr., Raymond Charles</subfield></datafield><datafield ind1="1" ind2="0" tag="245"><subfield code="a">Domain switching in irradiated ferroelectric kh2po4 observed by electron spin resonance</subfield><subfield code="b">Dissertation</subfield><subfield code="c">Raymond charles duvarney, jr</subfield></datafield><datafield ind1=" " ind2=" " tag="260"><subfield code="a">Ann Arbor, Michigan</subfield><subfield code="b">University Microfilms, Inc</subfield><subfield code="c">1968</subfield></datafield><datafield ind1=" " ind2=" " tag="300"><subfield code="a">50P</subfield></datafield><datafield ind1=" " ind2=" " tag="852"><subfield code="a">32301</subfield><subfield code="c">539.12</subfield></datafield><datafield ind1=" " ind2=" " tag="CAT"><subfield code="a">Sys</subfield><subfield code="c">20111118</subfield><subfield code="h">140021</subfield></datafield></record></collection>